@manual{AllegroManual,
  title = {Allegro 5.0 reference manual},
  address = {\url{https://www.allegro.cc/manual/5/}},
  year = {2011},
  note = {Accedido: 25/09/2016}
}
@misc{AllegroWiki,
title = {Allegro Wiki},
howpublished = {\url{https://wiki.allegro.cc}},
note = {Accedido: 25/09/2016}
}